@ARTICLE{LeCun1998,
  author={Y. {Lecun} and L. {Bottou} and Y. {Bengio} and P. {Haffner}},
  journal={Proceedings of the IEEE}, 
  title={Gradient-based learning applied to document recognition}, 
  year={1998},
  volume={86},
  number={11},
  pages={2278-2324},}

